<?xml version="1.0" encoding="UTF-8"?><record xmlns="http://www.loc.gov/MARC21/slim" xmlns:cinclude="http://apache.org/cocoon/include/1.0" xmlns:zs="http://www.loc.gov/zing/srw/">
  <leader>00434nz  a2200133n  4500</leader>
  <controlfield tag="001">no2007104098</controlfield>
  <controlfield tag="003">DLC</controlfield>
  <controlfield tag="005">20070908075152.0</controlfield>
  <controlfield tag="008">070906n| acannaabn          |n aaa     c</controlfield>
  <datafield tag="010" ind1=" " ind2=" ">
    <subfield code="a">no2007104098</subfield>
  </datafield>
  <datafield tag="035" ind1=" " ind2=" ">
    <subfield code="a">(OCoLC)oca07515298</subfield>
  </datafield>
  <datafield tag="040" ind1=" " ind2=" ">
    <subfield code="a">IEN</subfield>
    <subfield code="b">eng</subfield>
    <subfield code="c">IEN</subfield>
  </datafield>
  <datafield tag="100" ind1="1" ind2=" ">
    <subfield code="a">Sayni, Kouamé</subfield>
  </datafield>
  <datafield tag="670" ind1=" " ind2=" ">
    <subfield code="a">L'identité afro-américaine et le rapport avec l'Afrique dans la fiction, de James Baldwin à Toni Morrison, 2006?:</subfield>
    <subfield code="b">t.p. (Kouamé Sayni)</subfield>
  </datafield>
</record>